<?xml version="1.0" encoding="UTF-8"?>
  <record xmlns="http://www.loc.gov/MARC21/slim" type="Authority">
    <leader>00000nz  a2200000nc 4500</leader>
    <controlfield tag="001">100939449</controlfield>
    <controlfield tag="003">DE-101</controlfield>
    <controlfield tag="005">20220302082515.0</controlfield>
    <controlfield tag="008">910104n||aznnnaabn           | aaa    |c</controlfield>
    <datafield tag="024" ind1="7" ind2=" ">
      <subfield code="a">100939449</subfield>
      <subfield code="0">http://d-nb.info/gnd/100939449</subfield>
      <subfield code="2">gnd</subfield>
    </datafield>
    <datafield tag="035" ind1=" " ind2=" ">
      <subfield code="a">(DE-101)100939449</subfield>
    </datafield>
    <datafield tag="035" ind1=" " ind2=" ">
      <subfield code="a">(DE-588)100939449</subfield>
    </datafield>
    <datafield tag="035" ind1=" " ind2=" ">
      <subfield code="z">(DE-588)1090568126</subfield>
    </datafield>
    <datafield tag="035" ind1=" " ind2=" ">
      <subfield code="z">(DE-588a)100939449</subfield>
      <subfield code="9">v:zg</subfield>
    </datafield>
    <datafield tag="040" ind1=" " ind2=" ">
      <subfield code="a">DE-12</subfield>
      <subfield code="c">DE-12</subfield>
      <subfield code="9">r:DE-12</subfield>
      <subfield code="b">ger</subfield>
      <subfield code="d">0384</subfield>
      <subfield code="e">rda</subfield>
    </datafield>
    <datafield tag="042" ind1=" " ind2=" ">
      <subfield code="a">gnd1</subfield>
    </datafield>
    <datafield tag="043" ind1=" " ind2=" ">
      <subfield code="c">XA-DE</subfield>
    </datafield>
    <datafield tag="075" ind1=" " ind2=" ">
      <subfield code="b">p</subfield>
      <subfield code="2">gndgen</subfield>
    </datafield>
    <datafield tag="075" ind1=" " ind2=" ">
      <subfield code="b">piz</subfield>
      <subfield code="2">gndspec</subfield>
    </datafield>
    <datafield tag="079" ind1=" " ind2=" ">
      <subfield code="a">g</subfield>
      <subfield code="q">f</subfield>
      <subfield code="q">n</subfield>
      <subfield code="q">l</subfield>
      <subfield code="u">v</subfield>
    </datafield>
    <datafield tag="100" ind1="0" ind2=" ">
      <subfield code="a">Konrad</subfield>
      <subfield code="c">Scheyern, Abt</subfield>
      <subfield code="d">-1246</subfield>
    </datafield>
    <datafield tag="375" ind1=" " ind2=" ">
      <subfield code="a">1</subfield>
      <subfield code="2">iso5218</subfield>
    </datafield>
    <datafield tag="400" ind1="0" ind2=" ">
      <subfield code="a">Konrad</subfield>
      <subfield code="c">von Luppburg, Scheyern, Abt</subfield>
      <subfield code="d">-1246</subfield>
    </datafield>
    <datafield tag="400" ind1="0" ind2=" ">
      <subfield code="a">Conradus</subfield>
      <subfield code="c">Schirensis</subfield>
      <subfield code="d">-1246</subfield>
    </datafield>
    <datafield tag="400" ind1="0" ind2=" ">
      <subfield code="a">Conrad</subfield>
      <subfield code="c">de Scheiern</subfield>
      <subfield code="d">-1246</subfield>
    </datafield>
    <datafield tag="400" ind1="0" ind2=" ">
      <subfield code="a">Conrad</subfield>
      <subfield code="c">von Scheyern</subfield>
      <subfield code="d">-1246</subfield>
    </datafield>
    <datafield tag="400" ind1="0" ind2=" ">
      <subfield code="a">Conradus</subfield>
      <subfield code="c">Philosophus</subfield>
      <subfield code="d">-1246</subfield>
    </datafield>
    <datafield tag="400" ind1="0" ind2=" ">
      <subfield code="a">Conradus</subfield>
      <subfield code="c">Scheurnensis</subfield>
      <subfield code="d">-1246</subfield>
    </datafield>
    <datafield tag="400" ind1="0" ind2=" ">
      <subfield code="a">Konrad</subfield>
      <subfield code="c">of Scheira</subfield>
      <subfield code="d">-1246</subfield>
    </datafield>
    <datafield tag="400" ind1="0" ind2=" ">
      <subfield code="a">Conradus</subfield>
      <subfield code="c">a Scheyern</subfield>
      <subfield code="d">-1246</subfield>
    </datafield>
    <datafield tag="400" ind1="0" ind2=" ">
      <subfield code="a">Konradus</subfield>
      <subfield code="c">Schirensis</subfield>
      <subfield code="d">-1246</subfield>
    </datafield>
    <datafield tag="400" ind1="0" ind2=" ">
      <subfield code="a">Conrad</subfield>
      <subfield code="c">de Scheira</subfield>
      <subfield code="d">-1246</subfield>
    </datafield>
    <datafield tag="400" ind1="0" ind2=" ">
      <subfield code="a">Conradus</subfield>
      <subfield code="c">von Scheyern</subfield>
      <subfield code="d">-1246</subfield>
    </datafield>
    <datafield tag="400" ind1="0" ind2=" ">
      <subfield code="a">Conradus</subfield>
      <subfield code="c">von Schyra</subfield>
      <subfield code="d">-1246</subfield>
    </datafield>
    <datafield tag="400" ind1="0" ind2=" ">
      <subfield code="a">Conradus</subfield>
      <subfield code="d">-1246</subfield>
    </datafield>
    <datafield tag="400" ind1="0" ind2=" ">
      <subfield code="a">Conradus</subfield>
      <subfield code="c">de Luppurg</subfield>
      <subfield code="d">-1246</subfield>
    </datafield>
    <datafield tag="400" ind1="0" ind2=" ">
      <subfield code="a">Konrad</subfield>
      <subfield code="c">von Luppurg</subfield>
      <subfield code="d">-1246</subfield>
    </datafield>
    <datafield tag="400" ind1="1" ind2=" ">
      <subfield code="a">Luppurg, Konrad &#152;von&#156;</subfield>
      <subfield code="d">-1246</subfield>
    </datafield>
    <datafield tag="400" ind1="0" ind2=" ">
      <subfield code="a">Chounradus</subfield>
      <subfield code="c">Schirensis</subfield>
      <subfield code="d">-1246</subfield>
    </datafield>
    <datafield tag="400" ind1="0" ind2=" ">
      <subfield code="a">Konrad</subfield>
      <subfield code="c">von Scheyern</subfield>
      <subfield code="d">-1246</subfield>
    </datafield>
    <datafield tag="510" ind1="2" ind2=" ">
      <subfield code="0">(DE-101)000258806</subfield>
      <subfield code="0">(DE-588)25880-5</subfield>
      <subfield code="0">https://d-nb.info/gnd/25880-5</subfield>
      <subfield code="a">Benediktiner</subfield>
      <subfield code="4">affi</subfield>
      <subfield code="4">https://d-nb.info/standards/elementset/gnd#affiliation</subfield>
      <subfield code="w">r</subfield>
      <subfield code="i">Affiliation</subfield>
      <subfield code="e">Affiliation</subfield>
    </datafield>
    <datafield tag="548" ind1=" " ind2=" ">
      <subfield code="a">-1246</subfield>
      <subfield code="4">datl</subfield>
      <subfield code="4">https://d-nb.info/standards/elementset/gnd#dateOfDeath</subfield>
      <subfield code="w">r</subfield>
      <subfield code="i">Lebensdaten</subfield>
      <subfield code="9">v:Todesjahr ca.; Todesjahr lt. Bosl: nach 1245</subfield>
    </datafield>
    <datafield tag="548" ind1=" " ind2=" ">
      <subfield code="a">1206-1245</subfield>
      <subfield code="4">datw</subfield>
      <subfield code="4">https://d-nb.info/standards/elementset/gnd#periodOfActivity</subfield>
      <subfield code="w">r</subfield>
      <subfield code="i">Wirkungsdaten</subfield>
    </datafield>
    <datafield tag="550" ind1=" " ind2=" ">
      <subfield code="0">(DE-101)04000273X</subfield>
      <subfield code="0">(DE-588)4000273-1</subfield>
      <subfield code="0">https://d-nb.info/gnd/4000273-1</subfield>
      <subfield code="a">Abt</subfield>
      <subfield code="4">berc</subfield>
      <subfield code="4">https://d-nb.info/standards/elementset/gnd#professionOrOccupation</subfield>
      <subfield code="w">r</subfield>
      <subfield code="i">Charakteristischer Beruf</subfield>
    </datafield>
    <datafield tag="551" ind1=" " ind2=" ">
      <subfield code="0">(DE-101)040929027</subfield>
      <subfield code="0">(DE-588)4092902-4</subfield>
      <subfield code="0">https://d-nb.info/gnd/4092902-4</subfield>
      <subfield code="a">Fischbachau</subfield>
      <subfield code="4">orts</subfield>
      <subfield code="4">https://d-nb.info/standards/elementset/gnd#placeOfDeath</subfield>
      <subfield code="w">r</subfield>
      <subfield code="i">Sterbeort</subfield>
    </datafield>
    <datafield tag="667" ind1=" " ind2=" ">
      <subfield code="a">nicht identisch mit Konrad &lt;von Scheyern&gt; gnd/136420354</subfield>
    </datafield>
    <datafield tag="670" ind1=" " ind2=" ">
      <subfield code="a">LexMA online</subfield>
      <subfield code="b">Stand: 18.03.2021</subfield>
      <subfield code="u">http://apps.brepolis.net.00120fxr04b5.emedia1.bsb-muenchen.de/lexiema/test/Default2.aspx</subfield>
    </datafield>
    <datafield tag="670" ind1=" " ind2=" ">
      <subfield code="a">LexMA, Band 5, Spalte 1360</subfield>
    </datafield>
    <datafield tag="672" ind1=" " ind2="0">
      <subfield code="a">Conradus &lt;Schirensis&gt;: Chronicon originis et fundationis monasterii Scheirn, Ord. S. Bene*. - 1623</subfield>
    </datafield>
    <datafield tag="672" ind1=" " ind2="0">
      <subfield code="a">Conradus &lt;Schirensis&gt;: Conradi philosophi Chronicon Schirense. - 1716</subfield>
    </datafield>
    <datafield tag="678" ind1=" " ind2=" ">
      <subfield code="b">OSB; Onkel Bischof Konrads V. von Regensburg; 1206-1225 Abt von Scheyern; Verfasser des "Liber primae fundationis" oder "Chronicon Schirense" (hrsg. Ingolstadt 1623), einer an Urkunden belegten Geschichte des Hauses Wittelsbach und Scheyerns bis 1209; wahrscheinlich stammen auch die Beschreibung der Zeit 1206 bis 1225 von ihm sowie die gleichzeitigen Papst-, Kaiser- und Königskataloge</subfield>
    </datafield>
    <datafield tag="913" ind1=" " ind2=" ">
      <subfield code="S">pnd</subfield>
      <subfield code="i">5</subfield>
      <subfield code="a">Conradus &lt;Schirensis&gt;</subfield>
      <subfield code="0">(DE-588a)100939449</subfield>
    </datafield>
  </record>
